

@conference{amos_bigdata,
author = "Aaron Hipp and Deepti Adlakha and Rebecca Gernes and Agata Kargol and Robert Pless",
booktitle = {Workshop of Big Data and Urban Informatics},
year = 2014,
title = {Archive of {M}any {O}utdoor {S}cenes: Using public online webcams for public health surveillance}
}

@conference {amos_sensecam,
author = "Aaron Hipp and Deepti Adlakha and Rebecca Gernes and Agata U. Kargol and Robert Pless",
booktitle = {SenseCam},
year = 2013,
title = {Do {Y}ou {S}ee {W}hat {I} {S}ee: crowdsource annotation of captured scenes}
}


