

@conference{amos_bigdata,
author = "Aaron Hipp and Deepti Adlakha and Rebecca Gernes and Agata Kargol and Robert Pless",
booktitle = {Workshop of Big Data and Urban Informatics},
year = 2014,
title = {Learning from Outdoor Webcams: Surveillance of Physical Activity Across Environments}
}

@conference {amos_sensecam,
author = "Aaron Hipp and Deepti Adlakha and Rebecca Gernes and Agata U. Kargol and Robert Pless",
booktitle = {SenseCam},
year = 2013,
title = {Do {Y}ou {S}ee {W}hat {I} {S}ee: crowdsource annotation of captured scenes}
}


